@Book{Langbridge,
  author = 	 {Langbridge, J. A.},
  title = 	 {Professional Embedded ARM Development},
  publisher = 	 {John Wiley \& Sons},
  year = 	 2014,
  address = 	 {Indianapolis, IN}}

@Book{Szeliski,
  author = 	 {Szeliski, R.},
  title = 	 {Computer Vision: Algorithms and Applications},
  publisher = 	 {Springer},
  year = 	 2011,
  address = 	 {London}}

@Manual{DUI0489C,
  title = 	 {ARM Compiler toolchain Assembler Reference},
  key = 	 {ARM DUI 0489C},
  organization = {ARM},
  edition = 	 {4.1},
  year = 	 2011,
  note = 	 {\url{infocenter.arm.com/help/topic/com.arm.doc.dui0489c/DUI0489C_arm_assembler_reference.pdf}}}

@Manual{IHI0053B,
  title = 	 {ARM C Language Extensions},
  key = 	 {IHI 0053B},
  organization = {ARM},
  edition = 	 {1.1},
  month = 	 {November},
  year = 	 2013,
  note = 	 {\url{infocenter.arm.com/help/topic/com.arm.doc.ihi0053a/IHI0053A_acle.pdf}}}

@Manual{openvg,
  title = 	 {OpenVG Specification: Version 1.1},
  editor =       {Rice, D. and Simpson, R. J.},
  organization = {Khronos Group Inc.},
  month = 	 {December},
  year = 	 2008,
  note = 	 {\url{www.khronos.org/registry/vg/specs/openvg-1.1.pdf}}}

@Manual{egl,
  title = 	 {Khronos Native Platform Graphics Interface: EGL Version 1.4},
  editor =       {Leech, J.},
  organization = {Khronos Group Inc.},
  month = 	 {December},
  year = 	 2013,
  note = 	 {\url{www.khronos.org/registry/egl/specs/eglspec.1.4.pdf}}}

@Misc{yuv2rgb,
  key = 	 {yuv2rgb},
  title = 	 {Converting Between YUV and RGB},
  note = {\url{msdn.microsoft.com/en-us/library/aa917087.aspx}},
  organization = {Microsoft},
  month = 	 {April},
  year = 	 2010}

@Misc{HIPR2,
  author = 	 {Robert and Perkins and Walker and Wolfart},
  title = 	 {Hypermedia Image Processing Reference},
  note = {\url{homepages.inf.ed.ac.uk/rbf/HIPR2/wksheets.htm}},
  year = 	 2000}

@Misc{BITMAPV4HEADER,
  author = 	 {Microsoft},
  title = 	 {{BITMAPV4HEADER structure}},
  note = {\url{msdn.microsoft.com/en-us/library/windows/desktop/dd183380\%28v=vs.85\%29.aspx}},
  year = 	 2015}

@Misc{robocup,
  author = 	 {Lynn, H.},
  title = 	 {An image-processing robot for RoboCup Junior},
  organization = {Raspberry~Pi},
  month = 	 {August},
  year = 	 2014,
  note = {\url{www.raspberrypi.org/an-image-processing-robot-for-robocup-junior/}}
}

@Misc{rPiVid,
  key = 	 {rPiVid},
  title = 	 {Raspberry Pi VideoCore APIs},
  Organization = {Embedded Linux Wiki},
  month = 	 {December},
  year = 	 2013,
  note = {\url{elinux.org/Raspberry_Pi_VideoCore_APIs}}
}

@Misc{whySCons,
  author = 	 {Svartalf},
  title = 	 {Autotools vs. Cmake vs. Scon},
  month = 	 {May},
  year = 	 2014,
  note = 	 {\url{stackoverflow.com/questions/4071880/autotools-vs-cmake-vs-scons#answer-18291580}}
}

@Misc{videoForLinux,
  author = 	 {Schimek and Dirks and Verkuil},
  title = 	 {Video for Linux Two API Specification},
  year = 	 2006,
  note = 	 {\url{v4l.videotechnology.com/dwg/v4l2.html}}
}

@Misc{gentooSCons,
  author = {{Gentoo Foundation, Inc.}},
  title = 	 {SCons},
  month = 	 {January},
  year = 	 2015,
  note = 	 {\url{wiki.gentoo.org/wiki/SCons}}
}

@misc{wiki:HistogramEqualization,
   author = "Wikipedia",
   title = "Histogram equalization --- {W}ikipedia{,} The Free Encyclopedia",
   year = 2015,
   url = "\url{en.wikipedia.org/wiki/Histogram_equalization}",
   note = "[Online; accessed 01-April-2015]"
 }

@misc{wiki:Sobel,
   author = "Wikipedia",
   title = "Sobel operator --- {W}ikipedia{,} The Free Encyclopedia",
   year = 2015,
   url = "\url{en.wikipedia.org/wiki/Sobel_operator}",
   note = "[Online; accessed 01-April-2015]"
 }

@Misc{chicken,
  key = 	 {chicken},
  title = 	 {CHICKEN wiki},
  month = 	 {January},
  year = 	 2015,
  note = 	 {\url{wiki.call-cc.org/}}}

@Misc{gnuSTD,
  author = 	 {{Free Software Foundation, Inc.}},
  title = 	 {GNU Coding Standards: The Release Process},
  month = 	 {December},
  year = 	 2014,
  note = 	 {\url{www.gnu.org/prep/standards/standards.html#Managing-Releases}}}

